<record xmlns="http://www.loc.gov/MARC21/slim" xmlns:xsi="http://www.w3.org/2001/XMLSchema-instance" xsi:schemaLocation="http://www.loc.gov/MARC21/slim http://www.loc.gov/standards/marcxml/schema/MARC21slim.xsd"><leader>00688cz   2200169n  4500</leader><controlfield tag="001">oca01136289 </controlfield><controlfield tag="005">19870210143235.4</controlfield><controlfield tag="008">840709n| acannaab|          |a aaa |||  </controlfield><datafield ind1=" " ind2=" " tag="010"><subfield code="a">n  84058405 </subfield></datafield><datafield ind1=" " ind2=" " tag="040"><subfield code="a">DLC</subfield><subfield code="c">DLC</subfield><subfield code="d">DLC</subfield></datafield><datafield ind1="0" ind2=" " tag="100"><subfield code="a">Hipponax,</subfield><subfield code="d">fl. 540-537 B.C.</subfield></datafield><datafield ind1="0" ind2=" " tag="400"><subfield code="a">Ipponatte,</subfield><subfield code="d">fl. 540-537 B.C.</subfield></datafield><datafield ind1=" " ind2=" " tag="670"><subfield code="a">His Hipponactis testimonia et fragmenta, 1983:</subfield><subfield code="b">t.p. (Hipponactis)</subfield></datafield><datafield ind1=" " ind2=" " tag="670"><subfield code="a">Oxford class. dict.</subfield><subfield code="b">(Hipponax, fl. 540-537 B.C. iambic poet, of Ephesus)</subfield></datafield><datafield ind1=" " ind2=" " tag="670"><subfield code="a">Encycl. Brit.</subfield><subfield code="b">(Hipponax, 6th cent Greek poet of Ephesus)</subfield></datafield><datafield ind1=" " ind2=" " tag="670"><subfield code="a">Papyros-Larous.</subfield><subfield code="b">(Hippōnax, of Ephesus, Greek lyric poet)</subfield></datafield><datafield ind1=" " ind2=" " tag="670"><subfield code="a">Degani, E. Studi su Ipponatte, 1984:</subfield><subfield code="b">bibliography p. 12 (Hipponax)</subfield></datafield></record>